<record><leader>00000cas a22000007a 4500</leader><controlfield tag="001">19245641</controlfield><controlfield tag="008">890221c19029999couwr ne      0    0eng d</controlfield><datafield ind1=" " ind2=" " tag="010"><subfield code="a">sn 89052009 </subfield></datafield><datafield ind1=" " ind2=" " tag="040"><subfield code="a">CNQ</subfield><subfield code="b">eng</subfield><subfield code="c">CNQ</subfield><subfield code="d">OCLCQ</subfield></datafield><datafield ind1=" " ind2=" " tag="042"><subfield code="a">msc</subfield></datafield><datafield ind1="0" ind2="4" tag="245"><subfield code="a">The Brighton blade.</subfield></datafield><datafield ind1="1" ind2="3" tag="246"><subfield code="a">Blade. and G.A.R. guardian</subfield></datafield><datafield ind1="1" ind2="7" tag="246"><subfield code="a">Twice a week the Brighton blade</subfield></datafield><datafield ind1=" " ind2=" " tag="260"><subfield code="a">Brighton, Adams County, Colo. :</subfield><subfield code="b">Lewis C. Grove</subfield></datafield><datafield ind1=" " ind2=" " tag="300"><subfield code="a">v.</subfield></datafield><datafield ind1=" " ind2=" " tag="310"><subfield code="a">Weekly,</subfield><subfield code="b">Jan. 30, 1980-</subfield></datafield><datafield ind1=" " ind2=" " tag="321"><subfield code="a">Weekly,</subfield><subfield code="b">Mar. 6, 1903-Apr. 4, 1918</subfield></datafield><datafield ind1=" " ind2=" " tag="321"><subfield code="a">Semiweekly,</subfield><subfield code="b">Apr. 10, 1918-Jan. 24, 1969</subfield></datafield><datafield ind1=" " ind2=" " tag="321"><subfield code="a">Weekly,</subfield><subfield code="b">Jan. 30, 1969-Mar. 30, 1979</subfield></datafield><datafield ind1=" " ind2=" " tag="321"><subfield code="a">Semiweekly,</subfield><subfield code="b">Apr. 3, 1979-Jan. 25, 1980</subfield></datafield><datafield ind1="0" ind2=" " tag="362"><subfield code="a">Vol. 1, no. 37 (Mar. 6, 1903)-</subfield></datafield><datafield ind1=" " ind2=" " tag="500"><subfield code="a">Appeared within the Brighton blade: Bennett blade (Nov. 23, 1916-Jan. 3, 1918), Byers blade (Nov. 23, 1916-Jan. 3, 1918), and Strasburg blade (Nov. 23-29, 1917).</subfield></datafield><datafield ind1=" " ind2=" " tag="530"><subfield code="a">Available on microfilm from the Colorado Historical Society.</subfield></datafield><datafield ind1=" " ind2=" " tag="580"><subfield code="a">Adams-Weld market place appears as shopper within Brighton blade beginning Apr. 3, 1979.</subfield></datafield><datafield ind1=" " ind2=" " tag="752"><subfield code="a">United States</subfield><subfield code="b">Colorado</subfield><subfield code="c">Adams</subfield><subfield code="d">Brighton.</subfield></datafield><datafield ind1="0" ind2="0" tag="780"><subfield code="t">Brighton blade. and G.A.R. guardian</subfield><subfield code="w">(DLC)sn 89052008</subfield></datafield><datafield ind1="1" ind2="5" tag="780"><subfield code="t">Adams-Weld market place</subfield><subfield code="w">(DLC)sn 89052014</subfield></datafield><datafield ind1="0" ind2="5" tag="780"><subfield code="t">Adams County sentinel</subfield><subfield code="w">(DLC)sn 90051768</subfield></datafield></record>